%%%%%%%%%%%%%%%%%%%%%%%%%%%%%%%%%%%%
% Header                           %
%%%%%%%%%%%%%%%%%%%%%%%%%%%%%%%%%%%%
% 
% This file includes the BibLaTeX sources
% for glossary entry definitions.
%
% Requires the use of biblatex.
% 
% Revisions: 2020-07-21 Martin Raedel <martin.raedel@dlr.de>
%                       Initial draft
%               
% Contact:   Martin Raedel,  martin.raedel@dlr.de
%            DLR Composite Structures and Adaptive Systems
%          
%                                 __/|__
%                                /_/_/_/  
%            www.dlr.de/fa/en      |/ DLR
%
% Copyright (C) 2019-... DLR Composite Structures and Adaptive Systems
% 
%%%%%%%%%%%%%%%%%%%%%%%%%%%%%%%%%%%%
% Content                          %
%%%%%%%%%%%%%%%%%%%%%%%%%%%%%%%%%%%%

%--------------------------------------
% Article
%--------------------------------------

%--------------------------------------
% Book
%--------------------------------------

@book{FowlerM2012,
  author                   = {Fowler, M.},
  title                    = {Patterns of Enterprise Application Architecture: Pattern Enterpr Applica Arch},
  series                   = {Addison-Wesley Signature Series (Fowler)},
  publisher                = {Pearson Education},
  year                     = {2012},
  isbn                     = {9780133065213},
  url                      = {https://books.google.de/books?id=vqTfNFDzzdIC},
}

%--------------------------------------
% Booklet
%--------------------------------------

%--------------------------------------
% Conference
%--------------------------------------

%--------------------------------------
% Inbook
%--------------------------------------

%--------------------------------------
% Incollection
%--------------------------------------

%--------------------------------------
% Inproceedings
%--------------------------------------

%--------------------------------------
% Manual
%--------------------------------------

%--------------------------------------
% Masterthesis
%--------------------------------------

%--------------------------------------
% Misc
%--------------------------------------

%--------------------------------------
% Online
%--------------------------------------

@online{bib:online:MPM,
	title        = {Material Point Method},
	date         = {2020},
	url          = {https://wmcoombs.github.io/mpm/},
	urldate      = {2020-05-15},
}

%--------------------------------------
% Phdthesis
%--------------------------------------

%--------------------------------------
% Proceedings
%--------------------------------------

%--------------------------------------
% Tech-Report
%--------------------------------------

@techreport{ThackerBH2004,
  Author                   = {Ben H. Thacker and Scott W. Doebling and Francois M. Hemez and Mark C. Anderson and Jason E. Pepin and Edward A. Rodriguez},
  Title                    = {Concepts of Model Verification and Validation},
  Institution              = {Los Alamos National Laboratory},
  Year                     = {2020},
  Month                    = {},
  Day                      = {},
  type                     = {},
  number                   = {LA-14167-MS},
  url                      = {https://www.osti.gov/servlets/purl/835920/},
  urldate                  = {2020-07-20},
  Note                     = {},
}

%--------------------------------------
% Unpublished
%--------------------------------------

%%%%%%%%%%%%%%%%%%%%%%%%%%%%%%%%%%%%
% That's it                        %
%%%%%%%%%%%%%%%%%%%%%%%%%%%%%%%%%%%%