@manual{biblatex314_20191201,
  Title                    = {The biblatex Package},
  Author                   = {Kime, Philip and Wemheuer,Moritz and Lehman, Philipp},
  Number                   = {3.14 2019-12-01},
  Type                     = {},
  Year                     = {2019},
  url                      = {https://ctan.org/pkg/biblatex},
}
